@misc{ wiki:1,
  author = {{Web development}},
  title = "Web development --- {W}ikipedia{,} The Free Encyclopedia",
  year = "2019",
  url = "https://en.wikipedia.org/wiki/Web_development",
  note = "[Online; accessed 06-January-2020]"
}
